<record><leader>00000cas a22000007a 4500</leader><controlfield tag="001">14787029</controlfield><controlfield tag="008">861120d18881906pauwr ne      0    0eng d</controlfield><datafield ind1=" " ind2=" " tag="010"><subfield code="a">sn 86083393 </subfield></datafield><datafield ind1=" " ind2=" " tag="040"><subfield code="a">NPH</subfield><subfield code="b">eng</subfield><subfield code="c">NPH</subfield><subfield code="d">OCLCQ</subfield></datafield><datafield ind1=" " ind2=" " tag="042"><subfield code="a">msc</subfield></datafield><datafield ind1="0" ind2=" " tag="130"><subfield code="a">Courier (Connellsville, Pa. : Weekly)</subfield></datafield><datafield ind1="1" ind2="4" tag="245"><subfield code="a">The courier.</subfield></datafield><datafield ind1="1" ind2="3" tag="246"><subfield code="a">Keystone courier</subfield></datafield><datafield ind1=" " ind2=" " tag="260"><subfield code="a">Connellsville, Pa. :</subfield><subfield code="b">Henry P. Snyder,</subfield><subfield code="c">1888-1906.</subfield></datafield><datafield ind1=" " ind2=" " tag="300"><subfield code="a">19 v. :</subfield><subfield code="b">ill.</subfield></datafield><datafield ind1=" " ind2=" " tag="310"><subfield code="a">Weekly</subfield></datafield><datafield ind1="0" ind2=" " tag="362"><subfield code="a">Vol. 9, no. 46 (June 8, 1888)-v. 28, no. 20 (Nov. 29, 1906).</subfield></datafield><datafield ind1=" " ind2=" " tag="500"><subfield code="a">Published every Friday morning.</subfield></datafield><datafield ind1=" " ind2=" " tag="752"><subfield code="a">United States</subfield><subfield code="b">Pennsylvania</subfield><subfield code="c">Fayette</subfield><subfield code="d">Connellsville.</subfield></datafield><datafield ind1="0" ind2="0" tag="780"><subfield code="t">Keystone courier</subfield><subfield code="w">(DLC)sn 85055134</subfield></datafield><datafield ind1="0" ind2="0" tag="785"><subfield code="t">Weekly courier (Connellsville, Pa.)</subfield><subfield code="w">(DLC)sn 87078255</subfield></datafield></record>